<record><leader>01686cpcaa2200349Ia 45 0</leader><controlfield tag="001">ocn173257362</controlfield><controlfield tag="003">OCoLC</controlfield><controlfield tag="005">20070924083256.0</controlfield><controlfield tag="008">070924i18321846lau                 eng d</controlfield><datafield ind1=" " ind2=" " tag="035"><subfield code="a">(OCoLC)173257362</subfield></datafield><datafield ind1=" " ind2=" " tag="040"><subfield code="a">LUU</subfield><subfield code="c">LUU</subfield><subfield code="e">dacs</subfield></datafield><datafield ind1="0" ind2=" " tag="041"><subfield code="a">eng</subfield></datafield><datafield ind1=" " ind2=" " tag="049"><subfield code="a">LUUU</subfield></datafield><datafield ind1="1" ind2=" " tag="100"><subfield code="a">Hubert, Louis A.</subfield></datafield><datafield ind1="1" ind2="0" tag="245"><subfield code="a">Louis A. Hubert papers,</subfield><subfield code="f">1832-1846.</subfield></datafield><datafield ind1=" " ind2=" " tag="300"><subfield code="a">10</subfield><subfield code="f">items.</subfield></datafield><datafield ind1=" " ind2=" " tag="500"><subfield code="a">This manuscript group includes materials originally accessioned as Mss. 1724.</subfield></datafield><datafield ind1=" " ind2=" " tag="506"><subfield code="a">No restrictions on access.</subfield></datafield><datafield ind1=" " ind2=" " tag="520"><subfield code="a">Papers of Louis A. Hubert of Pointe Coupee Parish, La., consisting of acts of sale for slaves and a plantation, and a commission signed by Governor Isaac Johnson and Secretary of State Charles Gayarr&#233; appointing Hubert justice of the peace of Pointe Coupee Parish in 1846.</subfield></datafield><datafield ind1=" " ind2=" " tag="540"><subfield code="a">Physical rights are retained by the LSU Libraries. Copyright is retained in accordance with U.S. copyright laws.</subfield></datafield><datafield ind1=" " ind2=" " tag="524"><subfield code="a">Louis A. Hubert Papers, Mss. 1724, Louisiana and Lower Mississippi Valley Collections, LSU Libraries, Baton Rouge, La.</subfield></datafield><datafield ind1="1" ind2="0" tag="600"><subfield code="a">Hubert, Louis A.</subfield></datafield><datafield ind1=" " ind2="0" tag="650"><subfield code="a">Slaves</subfield><subfield code="z">Louisiana</subfield><subfield code="z">Pointe Coupee Parish.</subfield></datafield><datafield ind1=" " ind2="0" tag="650"><subfield code="a">Plantations</subfield><subfield code="z">Louisiana</subfield><subfield code="z">Pointe Coupee Parish.</subfield></datafield><datafield ind1=" " ind2="7" tag="655"><subfield code="a">Bills of sale.</subfield><subfield code="2">aat</subfield></datafield><datafield ind1=" " ind2="7" tag="655"><subfield code="a">Commissions (permissions)</subfield><subfield code="2">aat</subfield></datafield><datafield ind1=" " ind2="7" tag="656"><subfield code="a">Justices of the peace</subfield><subfield code="z">Louisiana</subfield><subfield code="z">Pointe Coupee Parish.</subfield><subfield code="2">lcsh</subfield></datafield><datafield ind1="1" ind2=" " tag="700"><subfield code="a">Johnson, Isaac,</subfield><subfield code="d">1803-1853.</subfield></datafield><datafield ind1="1" ind2=" " tag="700"><subfield code="a">Gayarr&#233;, Charles,</subfield><subfield code="d">1805-1895.</subfield></datafield><datafield ind1=" " ind2=" " tag="994"><subfield code="a">C0</subfield><subfield code="b">LUU</subfield></datafield><datafield ind1=" " ind2=" " tag="999"><subfield code="a">MISC:H</subfield><subfield code="w">ALPHANUM</subfield><subfield code="c">1</subfield><subfield code="i">2752940-1001</subfield><subfield code="l">LLMVC</subfield><subfield code="m">SPEC_COLL</subfield><subfield code="r">Y</subfield><subfield code="s">Y</subfield><subfield code="t">ARCH-MSS</subfield><subfield code="u">9/24/2007</subfield><subfield code="x">MANUSCRIPT</subfield></datafield><datafield ind1=" " ind2=" " tag="999"><subfield code="a">OS:H</subfield><subfield code="w">ALPHANUM</subfield><subfield code="c">1</subfield><subfield code="i">2752940-2001</subfield><subfield code="l">LLMVC</subfield><subfield code="m">SPEC_COLL</subfield><subfield code="r">Y</subfield><subfield code="s">Y</subfield><subfield code="t">ARCH-MSS</subfield><subfield code="u">2/1/2010</subfield></datafield></record>